@article{Brown_1964,
	doi		= {10.1149/1.2426048},
	url		= {https://dx.doi.org/10.1149/1.2426048},
	year		= {2025},
	publisher	= {The Electochemical Society, Inc.},
	volume		= {111},
	number		= {1},
	pages		= {123},
	author		= {Brown, Earl H. and Wilhide, Wendel D. and Elmore, Kelly L.},
	journal		= {Jornal of The Electrochemical Society},
	title	 	= {The Preparation of Oxamide from Cyanide by Glow-Discharge Electrolysis},
	abstract 	= {not available}
}

@book{Ullmanns2006,
	added-at	= {2007-05-06T12:34:09.000+0200},
	address		= {Weinheim},
	biburl		= {https://www.bibsonomy.org/bibtex/2881714ecde3aadcca288e2cae5403b10/blackwing},
	editor		= {Ullmann, Fritz},
	interhash	= {f90c0ddcbdc096f41aa92248369fec92},
	intrahash	= {881714ecde3aadcca288e2cae5403b10},
	isbn 		= {3527313184},
	keywords	= {Chemistry Lexikon Reference Technical},
	note 		= {Electronic Release 2006},
	publisher 	= {Wiley-VCH},
	timestamp 	= {2007-05-06T12:44:34.000+0200},
	title 		= {Ullmann's Encyclopedia of Industrial Chemistry},
 	year 		= {2006},
	pages 		= {13207--13219}
}
	
@misc{barnard2024making,
	author 		= {Barnard, Joe},
	title 		= {Making a new solid propellant formula},
	year 		= {2024},
	month 		= {1},
	organization 	= {YouTube},
	url 		= {https://youtu.be/DWSYZ2uEpnM?si=-MyJD-NyU0pVEiCk},
	urldate 	= {2025-01-04},
}

@misc{nakka2023chemistry,
	author 		= {Nakka, Richard},
	title 		= {Potassium Nitrate-Sorbitol (KNDX) Propellant Chemistry and Performance Characteristics},
	year 		= {2023},
	month 		= {3},
	organization 	= {Richard Nakka's Rocketry},
	url 		= {https://www.nakka-rocketry.net/sorbchem.html},
	urldate		= {2025-02-10}
}

@misc{nakka2023knsb,
	author 		= {Nakka, Richard},
	title 		= {KNSB Propellant},
	year 		= {2023},
	month 		= {7},
	organization 	= {Richard Nakka's Rocketry},
	url 		= {https://www.nakka-rocketry.net/sorb.html},
	urldate		= {2025-02-05}
}

@misc{nakka2015nozzle,
	author 		= {Nakka, Richard},
	title 		= {Chamber Pressure},
	year 		= {2023},
	month 		= {6},
	organization 	= {Richard Nakka's Rocketry},
	url 		= {https://www.nakka-rocketry.net/th_pres.html},
	urldate		= {2025-02-10}
}

@misc{nakka2015nozzle,
	author 		= {Nakka, Richard},
	title 		= {Nozzle Theory},
	year 		= {2015},
	month 		= {4},
	organization 	= {Richard Nakka's Rocketry},
	url 		= {https://www.nakka-rocketry.net/th_nozz.html#sonic},
	urldate		= {2025-02-10}
}