@book{acs2007manual,
    author = {American Chemical Society},
    title = {Chemical Safety Manual for Small Businesses: GUIDES FOR MANAGERS, ADMINISTRATORS, AND EMPLOYEES},
    edition = {3},
    editor = {Pine H., Stanley},
    publisher = {American Chemical Society},
    year = {2007}
}

@book{nema2006disposal,
    author = {National Environment Management Authority},
    title = {Waste Management Regulations},
    publisher = {National Environment Management Authority of Kenya(NEMA-K)},
    year = {2006}
}

@book{dod1962safety,
    author = {Chemical Propulsion Information Agency},
    title = {Static Test Safety Manual},
    publisher = {Defense Documentation Center for Scientific and Technical Information},
    year = {1962}
}
